@article{Battistella2013,
  title = {Methodology of business ecosystems network analysis: A case study in
           Telecom Italia Future Centre},
  author = {Battistella, Cinzia and Colucci, Katia and De Toni, Alberto F and
            Nonino, Fabio},
  journal = {Technological Forecasting and Social Change},
  volume = {80},
  number = {6},
  pages = {1194--1210},
  year = {2013},
  publisher = {Elsevier},
}

@article{Freeman1978,
  title = {Centrality in social networks conceptual clarification},
  author = {Freeman, Linton C},
  journal = {Social networks},
  volume = {1},
  number = {3},
  pages = {215--239},
  year = {1978},
  publisher = {Elsevier},
}

@article{Burt2004,
  title = {Structural holes and good ideas},
  author = {Burt, Ronald S},
  journal = {American journal of sociology},
  volume = {110},
  number = {2},
  pages = {349--399},
  year = {2004},
  publisher = {University of Chicago Press},
}

@article{Uzzi1997,
  title = {Social structure and competition in interfirm networks: The paradox
           of embeddedness},
  author = {Uzzi, Brian},
  journal = {Administrative science quarterly},
  pages = {35--67},
  year = {1997},
  publisher = {JSTOR},
}

@article{Granovetter1973,
  title = {The strength of weak ties},
  author = {Granovetter, Mark S},
  journal = {American journal of sociology},
  volume = {78},
  number = {6},
  pages = {1360--1380},
  year = {1973},
  publisher = {University of Chicago Press},
}

@article{Basole2016,
  title = {On the evolution of service ecosystem complexity: an exploratory
           study},
  author = {Basole, Rahul C},
  journal = {Service Science},
  volume = {8},
  number = {3},
  pages = {316--334},
  year = {2016},
  publisher = {INFORMS},
}

@article{Jacobides2018,
  title = {Towards a theory of ecosystems},
  author = {Jacobides, Michael G and Cennamo, Carmelo and Gawer, Annabelle},
  journal = {Strategic Management Journal},
  volume = {39},
  number = {8},
  pages = {2255--2276},
  year = {2018},
  publisher = {Wiley Online Library},
}

@article{Shipilov2015,
  title = {Network dynamics and ecosystem performance},
  author = {Shipilov, Andrew and Gawer, Annabelle},
  journal = {Strategic Management Journal},
  volume = {36},
  number = {4},
  pages = {559--583},
  year = {2015},
  publisher = {Wiley Online Library},
}
@misc{Niehaves2024,
  author = {Niehaves, Björn and Bauer, Luca T. and Klassen, Gerhard},
  title = {Government Technology},
  year = {2024},
  month = {4},
  day = {9},
  type = {Vorlesung},
  series = {03-IBAA-GOVTEC},
  institution = {Universität Bremen},
  note = {Sommersemester 2024},
}

@article{ThePoliticalEconomyofGovTech,
  author = "Arthur Silve and Mariano Moszoro",
  title = "The Political Economy of GovTech",
  journal = "IMF Notes",
  year = "2023",
  publisher = "International Monetary Fund",
  address = "USA",
  isbn = "9798400246500",
  volume = "2023",
  number = "003",
  doi = "10.5089/9798400246500.068.A001",
  pages = "A001",
  url = "
         https://www.elibrary.imf.org/view/journals/068/2023/003/article-A001-en.xml
         ",
}

@article{Bogumil2019,
  author = {Jörg Bogumil and Stephan Grohs and Sabine Kuhlmann},
  title = {Ergebnisse und Wirkungen kommunaler Verwaltungsmodernisierung in
           Deutschland – Eine Evaluation nach zehn Jahren Praxiserfahrung},
  year = {2019},
  journal = {Reflex - Ergebnissbericht},
  url = {
         https://www.tu-chemnitz.de/wirtschaft/bwl9/forschung/fprojekte/reflex/instReflex/ergebnisse/download/PVSSH37_07Bogumil.pdf
         },
}

@article{Haug2024,
  author = {Nathalie Haug, Sorin Dan and Ines Mergel},
  title = {Digitally-induced change in the public sector: a systematic review
           and research agenda},
  journal = {Public Management Review},
  volume = {26},
  number = {7},
  pages = {1963--1987},
  year = {2024},
  publisher = {Routledge},
  doi = {10.1080/14719037.2023.2234917},
  URL = { https://doi.org/10.1080/14719037.2023.2234917 },
  eprint = { https://doi.org/10.1080/14719037.2023.2234917 },
}

@article{Sachini2022,
  author = {Sachini, Evi and Sioumalas-Christodoulou, Konstantinos and Bouras,
            Nikias and Karampekios, Nikolaos},
  title = {Lessons for science and technology policy? {Probing} the {Linkedin}
           network of an {RDI} organisation},
  journal = {Journal of Innovation and Entrepreneurship},
  year = {2022},
  volume = {11},
  number = {1},
  pages = {53},
  doi = {10.1186/s13731-022-00246-z},
  pmid = {36480303},
  pmcid = {PMC9734916},
}


